@PhDThesis{pete,
	Author = {G\'abor Pete},
	Title = {Disease Process and Bootstrap Percolation},
	school = {Bolyai Institute},
	address = {Hungary},
	Year = 1998}

@article{kicover,
    AUTHOR = {Gouveia, Jo{\~a}o and Pfeiffer, James},
     TITLE = {A Semidefinite Approach to the ${K}_i$ Cover Problem},
   JOURNAL = {Preprint},
    volume = {abs/1211.0039},
      YEAR = {2012},
        ee = {http://arxiv.org/abs/1211.0039},
}

@article {conforti,
    AUTHOR = {Conforti, Michele and Corneil, Derek and Mahjoub, Ali},
     TITLE = {{$K_i$}-covers. {I}. {C}omplexity and polytopes},
   JOURNAL = {Discrete Math.},
  FJOURNAL = {Discrete Mathematics},
    VOLUME = {58},
      YEAR = {1986},
    NUMBER = {2},
     PAGES = {121--142},
      ISSN = {0012-365X},
     CODEN = {DSMHA4},
   MRCLASS = {05C70 (68R10)},
  MRNUMBER = {829071 (87h:05160)},
MRREVIEWER = {I. A. Klipker},
       DOI = {10.1016/0012-365X(86)90156-1},
       URL = {http://dx.doi.org.offcampus.lib.washington.edu/10.1016/0012-365X(86)90156-1},
}

@article {gpt,
    AUTHOR = {Gouveia, Jo{\~a}o and Parrilo, Pablo A. and Thomas, Rekha R.},
     TITLE = {Theta bodies for polynomial ideals},
   JOURNAL = {SIAM J. Optim.},
  FJOURNAL = {SIAM Journal on Optimization},
    VOLUME = {20},
      YEAR = {2010},
    NUMBER = {4},
     PAGES = {2097--2118},
      ISSN = {1052-6234},
     CODEN = {SJOPE8},
   MRCLASS = {90C22 (11E25 14P05 52A27 90C27)},
  MRNUMBER = {2630035 (2011m:90107)},
MRREVIEWER = {Didier Henrion},
       DOI = {10.1137/090746525},
       URL = {http://dx.doi.org.offcampus.lib.washington.edu/10.1137/090746525},
}

@article {lovasz,
    AUTHOR = {Lov{\'a}sz, L{\'a}szl{\'o}},
     TITLE = {On the {S}hannon capacity of a graph},
   JOURNAL = {IEEE Trans. Inform. Theory},
  FJOURNAL = {Institute of Electrical and Electronics Engineers.
              Transactions on Information Theory},
    VOLUME = {25},
      YEAR = {1979},
    NUMBER = {1},
     PAGES = {1--7},
      ISSN = {0018-9448},
     CODEN = {IETTAW},
   MRCLASS = {05C99 (94A17)},
  MRNUMBER = {MR514926 (81g:05095)},
}

@article {tuza,
    AUTHOR = {Tuza, Zsolt},
     TITLE = {A conjecture on triangles of graphs},
   JOURNAL = {Graphs and Combinatorics},
      YEAR = {1990},
     PAGES = {373-380},
}

@article {GLPT,
    AUTHOR = {Gouveia, Jo{\~a}o and Laurent, Monique and Parrilo, Pablo A.
              and Thomas, Rekha R.},
     TITLE = {A new semidefinite programming hierarchy for cycles in binary
              matroids and cuts in graphs},
   JOURNAL = {Math. Program.},
  FJOURNAL = {Mathematical Programming. A Publication of the Mathematical
              Programming Society},
    VOLUME = {133},
      YEAR = {2012},
    NUMBER = {1-2, Ser. A},
     PAGES = {203--225},
      ISSN = {0025-5610},
   MRCLASS = {90C27 (52B40 90C57)},
  MRNUMBER = {2921097},
       DOI = {10.1007/s10107-010-0425-z},
       URL = {http://dx.doi.org.offcampus.lib.washington.edu/10.1007/s10107-010-0425-z},
}
@article {moniquestuff,
    AUTHOR = {Laurent, Monique},
     TITLE = {Lower bound for the number of iterations in semidefinite
              hierarchies for the cut polytope},
   JOURNAL = {Math. Oper. Res.},
  FJOURNAL = {Mathematics of Operations Research},
    VOLUME = {28},
      YEAR = {2003},
    NUMBER = {4},
     PAGES = {871--883},
      ISSN = {0364-765X},
   MRCLASS = {90C22 (05C85 90C09 90C57)},
  MRNUMBER = {2015916 (2004i:90103)},
MRREVIEWER = {Panos M. Pardalos},
       DOI = {10.1287/moor.28.4.871.20508},
       URL = {http://dx.doi.org.offcampus.lib.washington.edu/10.1287/moor.28.4.871.20508},
}
@article {krivelevich,
    AUTHOR = {Krivelevich, Michael},
     TITLE = {On a conjecture of {T}uza about packing and covering of
              triangles},
   JOURNAL = {Discrete Math.},
  FJOURNAL = {Discrete Mathematics},
    VOLUME = {142},
      YEAR = {1995},
    NUMBER = {1-3},
     PAGES = {281--286},
      ISSN = {0012-365X},
     CODEN = {DSMHA4},
   MRCLASS = {05C70},
  MRNUMBER = {1341453 (96c:05138)},
       DOI = {10.1016/0012-365X(93)00228-W},
       URL = {http://dx.doi.org.offcampus.lib.washington.edu/10.1016/0012-365X(93)00228-W},
}
@article {haxell,
    AUTHOR = {Haxell, Penny and Kostochka, Alexandr and Thomass{\'e},
              St{\'e}phan},
     TITLE = {A stability theorem on fractional covering of triangles by
              edges},
   JOURNAL = {European J. Combin.},
  FJOURNAL = {European Journal of Combinatorics},
    VOLUME = {33},
      YEAR = {2012},
    NUMBER = {5},
     PAGES = {799--806},
      ISSN = {0195-6698},
   MRCLASS = {05C72 (05C70)},
  MRNUMBER = {2889515},
       DOI = {10.1016/j.ejc.2011.09.024},
       URL = {http://dx.doi.org.offcampus.lib.washington.edu/10.1016/j.ejc.2011.09.024},
}

@article {goemans_williamson,
    AUTHOR = {Goemans, Michel and Williamson, David},
     TITLE = {Improved approximation algorithms for maximum cut and
              satisfiability problems using semidefinite programming},
   JOURNAL = {J. Assoc. Comput. Mach.},
  FJOURNAL = {Journal of the Association for Computing Machinery},
    VOLUME = {42},
      YEAR = {1995},
    NUMBER = {6},
     PAGES = {1115--1145},
      ISSN = {0004-5411},
     CODEN = {JACOAH},
   MRCLASS = {90C27 (68Q25 90C35)},
  MRNUMBER = {1412228 (97g:90108)},
MRREVIEWER = {Nikolay N. Ivanov},
       DOI = {10.1145/227683.227684},
       URL = {http://dx.doi.org.offcampus.lib.washington.edu/10.1145/227683.227684},
}


@incollection{frg,
year={2012},
booktitle={Semidefinite Optimization and Convex Algebraic Geometry},
volume={13},
series={MOS-SIAM Series on Optimization},
doi={10.1137/1.9781611972290},
title={Spectrahedral Approximations of Convex Hulls of Algebraic Sets},
url={http://dx.doi.org/10.1137/1.9781611972290.ch7},
author={Gouveia, Jo{\~a}o and Thomas, Rekha R.},
pages={293-340},
language={English}
}



@article{BCHSS:2005,
	Author = {C. Borgs and J. T. Chayes and Remco van der Hofstad and G. Slade and J. Spencer},
	Date-Added = {2012-08-01 15:59:59 -0400},
	Date-Modified = {2012-08-01 16:02:17 -0400},
	Journal = {Annals of Probability},
	Pages = {1886--1944},
	Title = {Random subgraphs of finite graphs: II. The lace expansion and the triangle condition.},
	Volume = {33},
	Year = {2005}}

@article{GGM:2012,
	Author = {Janko Gravner and Alexander E Holroyd and Robert Morris},
	Date-Added = {2012-06-21 14:37:17 -0400},
	Date-Modified = {2012-06-21 14:38:18 -0400},
	Journal = {Probab. Theory Related Fields},
	Number = {1-2},
	Pages = {1--23},
	Title = {A sharper threshold for bootstrap percolation in two dimensions},
	Volume = {153},
	Year = {2012}}

@article{FK:1996,
	Author = {Ehud Friedgut and Gil Kalai},
	Date-Added = {2012-06-21 14:34:55 -0400},
	Date-Modified = {2012-06-21 14:35:34 -0400},
	Journal = {Proc. Amer. Math. Soc.},
	Pages = {2993---3002},
	Title = {Every monotone graph property has a sharp threshold},
	Volume = {10},
	Year = {1996}}

@article{schonmann,
	Author = {Roberto H Schonmann},
	Date-Added = {2012-06-21 14:30:32 -0400},
	Date-Modified = {2012-06-21 14:32:01 -0400},
	Journal = {Annals of Probability},
	Month = {January},
	Number = {1},
	Pages = {174--193},
	Title = {On the Behavior of Some Cellular Automata Related to Bootstrap Percolation},
	Volume = {20},
	Year = {1992}}

@article{holroyd-survey,
	Author = {Alexander E Holroyd},
	Date-Added = {2012-06-21 14:28:35 -0400},
	Date-Modified = {2012-06-21 14:29:45 -0400},
	Journal = {Bulletin du Centre de Recherches Mathematiques},
	Number = {1},
	Pages = {10-13},
	Title = {Astonishing cellular automata},
	Volume = {13},
	Year = {2007}}

@article{vanenter,
	Author = {C. D. van Enter},
	Date-Added = {2012-06-21 13:59:13 -0400},
	Date-Modified = {2012-06-21 14:00:06 -0400},
	Journal = {J. Statist. Phys.},
	Number = {3-4},
	Pages = {943--945},
	Title = {Proof of {S}traley's argument for bootstrap percolation},
	Volume = {48},
	Year = {1987}}

@article{hlr,
	Author = {Alexander E. Holroyd and Thomas M. Liggett and Dan Romik},
	Date-Added = {2012-06-21 13:57:50 -0400},
	Date-Modified = {2012-06-21 14:05:48 -0400},
	Journal = {Trans. Amer. Math. Soc.},
	Number = {8},
	Pages = {3349--3368},
	Title = {Integrals, partitions, and cellular automata},
	Volume = {356},
	Year = {2004}}

@article{bethe,
	Author = {J Chalupa and P L Leath and G R Reich},
	Date-Added = {2012-06-21 13:56:18 -0400},
	Date-Modified = {2012-06-21 14:03:14 -0400},
	Journal = {J. Phys. C},
	Number = {1},
	Pages = {L31--L35},
	Title = {Bootstrap percolation on a {B}ethe lattice},
	Volume = {12},
	Year = {1979}}

@article{slivken,
	Author = {E Slivken},
	Date-Added = {},
	Date-Modified = {},
	Journal = {manuscript in preparation},
	Number = {},
	Pages = {},
	Title = {Bootstrap percolation on the Hamming torus with threshold 2},
	Volume = {},
	Year = {2013}}

@article{cerfcirillo,
	Author = {Rapha{\"e}l Cerf and Emilio N.~M. Cirillo},
	Date-Added = {2012-06-21 13:54:23 -0400},
	Date-Modified = {2012-06-21 13:55:57 -0400},
	Journal = {Ann. Probab.},
	Number = {4},
	Pages = {1837--1850},
	Title = {Finite size scaling in three-dimensional bootstrap percolation},
	Volume = {27},
	Year = {1999}}

@article{cerfmanzo,
	Author = {Rapha{\"e}l Cerf and F. Manzo},
	Date-Added = {2012-06-21 13:53:32 -0400},
	Date-Modified = {2012-06-21 13:56:13 -0400},
	Journal = {Stochastic Process. Appl.},
	Number = {1},
	Pages = {69--82},
	Title = {The threshold regime of finite volume bootstrap percolation},
	Volume = {101},
	Year = {2002}}

@article{bollobas2,
	Author = {J{\'o}zsef Balogh and B{\'e}la Bollob{\'a}s and Hugo Duminil-Copin and Robert Morris},
	Date-Added = {2012-06-21 13:45:07 -0400},
	Date-Modified = {2012-06-21 13:49:57 -0400},
	Journal = {Trans. Amer. Math. Soc.},
	Pages = {2667--2701},
	Title = {The sharp threshold for bootstrap percolation in all dimensions},
	Volume = {364},
	Year = {2012}}

@article{aizenman,
	Author = {M. Aizenman AND J. L. Lebowitz},
	Date-Added = {2012-06-21 13:41:36 -0400},
	Date-Modified = {2012-06-21 13:42:40 -0400},
	Journal = {J. Phys. A},
	Number = {19},
	Pages = {3801--3813},
	Title = {Metastability effects in bootstrap percolation},
	Volume = {21},
	Year = {1988}}

@article{brazil,
	Author = {Joan Adler AND Uri Levi},
	Date-Added = {2012-06-21 13:40:47 -0400},
	Date-Modified = {2012-06-21 13:41:28 -0400},
	Journal = {Brazilian Journal of Physics},
	Number = {3},
	Title = {Bootstrap percolation: visualizations and applications.},
	Volume = {33},
	Year = {2003}}

@book{mixing:2009,
	Author = {David A. Levin and Yuval Peres and Elizabeth L. Wilmer},
	Date-Added = {2011-06-27 17:48:21 -0400},
	Date-Modified = {2011-06-27 17:52:08 -0400},
	Publisher = {AMS},
	Title = {Markov Chains and Mixing Times},
	Year = {2009}}

@article{S:2010,
	Author = {David Sivakoff},
	Date-Modified = {2012-08-01 15:53:55 -0400},
	Note = {Preprint available at: arXiv:1001.1007},
	Title = {Random Site Subgraphs of the $d$-Dimensional \text{Hamming} Torus},
	year = 2010}

@article{HL:2010,
	Author = {van der Hofstad, Remco and Luczak, Malwina},
	Date-Modified = {2012-08-01 15:57:15 -0400},
	Journal = {Probability Theory and Related Fields},
	Number = {1-2},
	Pages = {1-41},
	Title = {Random subgraphs of the \text{2D Hamming} graph: the supercritical phase},
	Volume = {147},
	Year = {2010}}

@article{GG:1997,
	Author = {Sergey Gavrilets and Janko Gravner},
	Journal = {Journal of Theoretical Biology},
	Pages = {51-64},
	Title = {Percolation on the fitness hypercube and the evolution of reproductive isolation},
	Volume = 184,
	Year = 1997}

@article{BB:2006,
	Author = {J\'ozsef Balogh and B\'ela Bollob\'as},
	Journal = {Probability Theory Related Fields},
	Pages = {624-648},
	Title = {Bootstrap percolation on the hypercube},
	Volume = 134,
	Year = 2006}

@article{bollobas,
	Author = {J\'ozsef Balogh and B\'ela Bollob\'as and Robert Morris},
	Date-Modified = {2012-06-21 13:44:47 -0400},
	Journal = {Combinatorics, Probability and Computing},
	Pages = {17-51},
	Title = {Majority bootstrap percolation on the hypercube},
	Volume = {18(1-2)},
	Year = 2009}

@article{bollobas1,
	Author = {J\'ozsef Balogh and B\'ela Bollob\'as and Robert Morris},
	Date-Modified = {2012-06-24 13:44:47 -0400},
	Journal = {Annals of Probability},
	Pages = {1329-1380},
	Title = {Bootstrap percolation in three dimensions},
	Volume = {37(4)},
	Year = 2009}

@article{GH:2008,
	Author = {Janko Gravner and Alexander E Holroyd},
	Journal = {The Annals of Applied Probability},
	Pages = {909-928},
	Title = {Slow convergence in bootstrap percolation},
	Volume = {18(3)},
	Year = 2008}

@article{holroyd,
	Author = {Alexander E Holroyd},
	Date-Modified = {2012-06-21 13:37:47 -0400},
	Journal = {Probability Theory Related Fields},
	Pages = {195-224},
	Title = {Sharp metastability threshold for two-dimensional bootstrap percolation},
	Volume = {125},
	Year = 2003}

@article{Hol:2006,
	Author = {Alexander E Holroyd},
	Journal = {Electronic Journal of Probability},
	Pages = {418-433},
	Title = {The metastability threshold for modified bootstrap percolation in d dimensions},
	Volume = {11(17)},
	Year = 2006}

@book{poissonbook,
	Author = {A. D. Barbour and Lars Holst and Svante Janson},
	Date-Modified = {2012-06-21 13:37:01 -0400},
	Publisher = {Oxford University Press},
	Title = {Poisson Approximation},
	Year = 1992}

@book{durrett:2004,
	Author = {Richard Durrett},
	Edition = 3,
	Publisher = {Thomson},
	Title = {Probability: Theory and Examples},
	Year = 2004}

@article {JLTV,
    AUTHOR = {Janson, Svante and {\L}uczak, Tomasz and Turova, Tatyana and
              Vallier, Thomas},
     TITLE = {Bootstrap percolation on the random graph {$G_{n,p}$}},
   JOURNAL = {Ann. Appl. Probab.},
  FJOURNAL = {The Annals of Applied Probability},
    VOLUME = {22},
      YEAR = {2012},
    NUMBER = {5},
     PAGES = {1989--2047},
      ISSN = {1050-5164},
   MRCLASS = {05C80 (60C05 60K35)},
  MRNUMBER = {3025687},
MRREVIEWER = {Elisabetta Candellero},
       DOI = {10.1214/11-AAP822},
       URL = {http://dx.doi.org.offcampus.lib.washington.edu/10.1214/11-AAP822},
}

@book {Fulton,
    AUTHOR = {Fulton, William},
     TITLE = {Young tableaux},
    SERIES = {London Mathematical Society Student Texts},
    VOLUME = {35},
      NOTE = {With applications to representation theory and geometry},
 PUBLISHER = {Cambridge University Press},
   ADDRESS = {Cambridge},
      YEAR = {1997},
     PAGES = {x+260},
      ISBN = {0-521-56144-2; 0-521-56724-6},
   MRCLASS = {05E10 (05E05 05E15 14M15 20G05)},
  MRNUMBER = {1464693 (99f:05119)},
MRREVIEWER = {Tadeusz J{\'o}zefiak},
}

@book {Sagan,
    AUTHOR = {Sagan, Bruce E.},
     TITLE = {The symmetric group},
    SERIES = {Graduate Texts in Mathematics},
    VOLUME = {203},
   EDITION = {Second},
      NOTE = {Representations, combinatorial algorithms, and symmetric
              functions},
 PUBLISHER = {Springer-Verlag},
   ADDRESS = {New York},
      YEAR = {2001},
     PAGES = {xvi+238},
      ISBN = {0-387-95067-2},
   MRCLASS = {05E10 (05E05 20C30)},
  MRNUMBER = {1824028 (2001m:05261)},
}

@book {gls,
    AUTHOR = {Gr{\"o}tschel, Martin and Lov{\'a}sz, L{\'a}szl{\'o} and
              Schrijver, Alexander},
     TITLE = {Geometric algorithms and combinatorial optimization},
    SERIES = {Algorithms and Combinatorics},
    VOLUME = {2},
   EDITION = {Second},
 PUBLISHER = {Springer-Verlag},
   ADDRESS = {Berlin},
      YEAR = {1993},
     PAGES = {xii+362},
      ISBN = {3-540-56740-2},
   MRCLASS = {90-02 (52C07 90C27)},
  MRNUMBER = {1261419 (95e:90001)},
MRREVIEWER = {Ulrich Faigle},
       DOI = {10.1007/978-3-642-78240-4},
       URL = {http://dx.doi.org.offcampus.lib.washington.edu/10.1007/978-3-642-78240-4},
}

@incollection {sostools,
    AUTHOR = {Prajna, Stephen and Papachristodoulou, Antonis and Seiler,
              Peter and Parrilo, Pablo A.},
     TITLE = {S{OSTOOLS} and its control applications},
 BOOKTITLE = {Positive polynomials in control},
    SERIES = {Lecture Notes in Control and Inform. Sci.},
    VOLUME = {312},
     PAGES = {273--292},
 PUBLISHER = {Springer},
   ADDRESS = {Berlin},
      YEAR = {2005},
   MRCLASS = {93-04 (90C20 90C22 93B40)},
  MRNUMBER = {2123527 (2005j:93004)},
}

@article {lasserre,
    AUTHOR = {Lasserre, Jean B.},
     TITLE = {Global optimization with polynomials and the problem of
              moments},
   JOURNAL = {SIAM J. Optim.},
  FJOURNAL = {SIAM Journal on Optimization},
    VOLUME = {11},
      YEAR = {2000/01},
    NUMBER = {3},
     PAGES = {796--817},
      ISSN = {1052-6234},
     CODEN = {SJOPE8},
   MRCLASS = {90C26 (90C22)},
  MRNUMBER = {1814045 (2002b:90054)},
MRREVIEWER = {Jos F. Sturm},
       DOI = {10.1137/S1052623400366802},
       URL = {http://dx.doi.org.offcampus.lib.washington.edu/10.1137/S1052623400366802},
}

@incollection{bv,
  title={Weyl group representations and nilpotent orbits},
  author={Barbasch, Dan and Vogan, David},
  booktitle={Representation theory of reductive groups},
  series = {Progress in mathematics},
  volume = {40},
  pages={21--33},
  year={1983},
  publisher={Springer}
}

@inproceedings{artin,
  title={{\"U}ber die zerlegung definiter funktionen in quadrate},
  author={Artin, Emil},
  booktitle={Abhandlungen aus dem mathematischen Seminar der Universit{\"a}t Hamburg},
  volume={5},
  pages={100--115},
  year={1927},
  organization={Springer}
}

@article{hilbert,
  title={{\"U}ber die Darstellung definiter Funktionen durch Quadrateber die darstellung definiter formen als summe von formenquadraten},
  author={Hilbert, David},
  journal={Mathematische Annalen},
  volume={32},
  number={3},
  pages={342--350},
  year={1888},
  publisher={Springer}
}

@phdthesis{parrilo,
  title={Structured semidefinite programs and semialgebraic geometry methods in robustness and optimization},
  author={Parrilo, Pablo A},
  year={2000},
  school={California Institute of Technology}
}

@article{parrilo2,
  title={Semidefinite programming relaxations for semialgebraic problems},
  author={Parrilo, Pablo A},
  journal={Mathematical programming},
  volume={96},
  number={2},
  pages={293--320},
  year={2003},
  publisher={Springer}
}

@article{bootstrappaper,
  title = {Bootstrap Percolation on the Hamming Torus},
  author = {Gravner, Janko and Hoffman, Christopher and Pfeiffer, James and Sivakoff, David},
  journal = {arXiv preprint arXiv:1202.5351},
  year = {2012},
}

@article{kipaper,
  title = {A Semidefinite Approach to the {$K_i$} Cover Problem},
  author = {Gouveia, Jo\~ao and Pfeiffer, James},
  journal = {arXiv preprint arXiv:1211.0039},
  year = {2012},
}

@article{cubepaper,
  title = {Sums of Squares on the Unit Hypercube},
  author = {Blekherman, Greg and Gouveia, Jo\~ao and Pfeiffer, James},
  note = {In preparation.}
}

@article{matchingspaper,
  title = {Representation Theory of Generalized Matchings},
  author = {McGovern, Montgomery and Pfeiffer, James},
  note = {In preparation.}
}

@incollection {stanley,
    AUTHOR = {Stanley, Richard P.},
     TITLE = {Variations on differential posets},
 BOOKTITLE = {Invariant theory and tableaux ({M}inneapolis, {MN}, 1988)},
    SERIES = {IMA Vol. Math. Appl.},
    VOLUME = {19},
     PAGES = {145--165},
 PUBLISHER = {Springer},
   ADDRESS = {New York},
      YEAR = {1990},
   MRCLASS = {06A06 (05E25)},
  MRNUMBER = {1035494 (91h:06004)},
MRREVIEWER = {J. R. Griggs},
}