@inproceedings{agarwal-et-al-2009,
  author={Agarwal, S. and Snavely, N. and Simon, I. and Seitz, S.M. and Szeliski, R.},
  title={Building rome in a day},
  booktitle={ICCV},
  year={2009},
  pages={72--79},
}

@inproceedings{lindstorm-2010,
  author    = {Peter Lindstrom},
  title     = {Triangulation Made Easy},
  booktitle = {CVPR},
  year      = {2010},
  pages     = {1554-1561},
 }

@article{freund-jarre-2001,
 author = {Freund, Roland W. and Jarre, Florian},
 title = {Solving the Sum-of-Ratios Problem by an Interior-Point Method},
 journal = {J. Glob. Opt.},
 volume = {19},
 number = {1},
 year = {2001},
 pages = {83--102},
} 

@article{kahl-et-al-2008,
  author    = {Fredrik Kahl and
               Sameer Agarwal and
               Manmohan Krishna Chandraker and
               David J. Kriegman and
               Serge Belongie},
  title     = {Practical Global Optimization for Multiview Geometry},
  journal   = {IJCV},
  volume    = {79},
  number    = {3},
  year      = {2008},
  pages     = {271-284},
}

@article{aholt-et-al-2011,
  title={A {H}ilbert Scheme in Computer Vision},
  author= {Aholt, Chris and Sturmfels, Bernd and Thomas, Rekha},
  journal={Arxiv preprint arXiv:1107.2875},
  year={2011}
}

@book {barvinok-2002,
    AUTHOR = {Barvinok, Alexander},
     TITLE = {A Course in Convexity},
 PUBLISHER = {AMS},
      YEAR = {2002},
     PAGES = {x+366},
}

@article {deKlerk-2009,
    AUTHOR = {de Klerk, Etienne},
     TITLE = {Exploiting special structure in semidefinite programming: {A}
              survey of theory and applications},
   JOURNAL = {European J. Oper. Res.},
  FJOURNAL = {European Journal of Operational Research},
    VOLUME = {201},
      YEAR = {2010},
    NUMBER = {1},
     PAGES = {1--10}
}
		

@article{hartley-sturm-1997,
title = "Triangulation",
author = {Hartley, Richard and Sturm, Peter},
journal = {CVIU},
volume = {68},
number = {2},
pages = {146-157},
year = {1997}
}


@book {hartley-zisserman-2003,
    AUTHOR = {Hartley, Richard and Zisserman, Andrew},
     TITLE = {Multiple View Geometry in Computer Vision},
   EDITION = {Second},
 PUBLISHER = {Cambridge University Press},
      YEAR = {2003},
     PAGES = {xvi+655},
}

@article {heyden-astrom-1997,
    AUTHOR = {Heyden, Anders and {\AA}str{\"o}m, Kalle},
     TITLE = {Algebraic Properties of Multilinear Constraints},
   JOURNAL = {Math. Methods Appl. Sci.},
    VOLUME = {20},
      YEAR = {1997},
    NUMBER = {13},
     PAGES = {1135--1162},
}

@article{kahl-henrion-2007,
  author    = {Fredrik Kahl and
               Didier Henrion},
  title     = {Globally Optimal Estimates for Geometric Reconstruction
               Problems},
  journal   = {IJCV},
  volume    = {74},
  number    = {1},
  year      = {2007},
  pages     = {3-15},
}

@incollection {laurent-2009,
    AUTHOR = {Laurent, Monique},
     TITLE = {Sums of squares, moment matrices and optimization over
              polynomials},
    SERIES = {IMA Vol. Math. Appl.},
    VOLUME = {149},
     PAGES = {157--270},
      YEAR = {2009},
    publisher={Springer}
}

@inproceedings{stewenius-et-al-2005,
  title={How Hard is 3-View Triangulation Really?},
  author={Stewenius, H. and Schaffalitzky, F. and Nister, D.},
  booktitle={ICCV},
  pages={686--693},
  year={2005},
}

@inproceedings{Olsson-el-al-2009,
  title={Projective least-squares: Global Solutions with Local Optimization},
  author={Olsson, C. and Kahl, F. and Hartley, R.},
  booktitle={CVPR},
  pages={1216--1223},
  year={2009},
}

@article{waki-et-al-2008,
  title={Algorithm 883: Sparse{POP}--{A} {S}parse {S}emidefinite {P}rogramming {R}elaxation of {P}olynomial {O}ptimization {P}roblems},
  author={Waki, H. and Kim, S. and Kojima, M. and Muramatsu, M. and Sugimoto, H.},
  journal={ACM TOMS},
  volume={35},
  number={2},
  pages={15},
  year={2008},
  publisher={ACM}
}

@inproceedings{byrod-et-al-2007,
  author    = {Martin Byr{\"o}d and
               Klas Josephson and
               Kalle {\AA}str{\"o}m},
  title     = {Fast Optimal Three View Triangulation},
  booktitle = {ACCV}, 
  volume    = {2},
  year      = {2007},
  pages     = {549-559},
}

@inproceedings{lu-hartley-2007,
  author    = {Fangfang Lu and
               Richard I. Hartley},
  title     = {A Fast Optimal Algorithm for $L_2$ Triangulation},
  booktitle = {ACCV},
  volume    = {2},
  year      = {2007},
  pages     = {279-288},
}

@inproceedings{lindstorm-2010,
  author    = {Peter Lindstrom},
  title     = {Triangulation Made Easy},
  booktitle = {CVPR},
  year      = {2010},
  pages     = {1554-1561},
 }

@article{lasserre-2001,
  author    = {Jean B. Lasserre},
  title     = {Global Optimization with Polynomials and the Problem of
               Moments},
  journal   = {SIOPT},
  volume    = {11},
  number    = {3},
  year      = {2001},
  pages     = {796-817},
}

@article{parillo-2003,
  author    = {Pablo A. Parrilo},
  title     = {Semidefinite programming relaxations for semialgebraic problems},
  journal   = {Math. Prog.},
  volume    = {96},
  number    = {2},
  year      = {2003},
  pages     = {293-320},
 }


@inproceedings{hartley-seo-2008,
  author    = {Hartley, Richard and
               Seo, Yongduek},
  title     = {Verifying Global Minima for $L_2$ Minimization Problems},
  booktitle = {CVPR},
  year      = {2008},
}

@book{cox-et-al-2007,
  title={Ideals, Varieties and Algorithms: An Introduction to Computational Algebraic Geometry and Commutative Algebra},
  author={Cox, D.A. and Little, J.B. and O'Shea, D.},
  volume={10},
  year={2007},
  publisher={Springer}
}

@article{vandenberghe-boyd-1996,
  title={Semidefinite Programming},
  author={Vandenberghe, L. and Boyd, S.},
  journal={SIAM Review},
  volume={38},
  number={1},
  pages={49--95},
  year={1996}
}

@article{more-1993,
  title={Generalizations of the trust region problem},
  author={Mor\'e, J.},
  journal={Optimization methods and Software},
  volume={2},
  number={3-4},
  pages={189--209},
  year={1993},
}

@article{zheng-et-al-2012,
  title={On zero duality gap in nonconvex quadratic programming problems},
  author={Zheng, X.J. and Sun, X.L. and Li, D. and Xu, Y.F.},
  journal={Journal of Global Optimization},
  volume={52},
  number={2},
  pages={229--242},
  year={2012},
  publisher={Springer}
}

@article{jeyakumar-et-al-2007,
  title={Non-convex quadratic minimization problems with quadratic constraints: global optimality conditions},
  author={Jeyakumar, V. and Rubinov, AM and Wu, ZY},
  journal={Mathematical Programming},
  volume={110},
  number={3},
  pages={521--541},
  year={2007},
  publisher={Springer}
}

@article{li-2012,
  title={Global Quadratic Minimization over Bivalent Constraints: Necessary and Sufficient Global Optimality Condition},
  author={Li, G.},
  journal={Journal of Optimization Theory and Applications},
  pages={1--17},
  year={2012},
  publisher={Springer}
}

@article{pinar-2004,
  title={Sufficient global optimality conditions for bivalent quadratic optimization},
  author={Pinar, MC},
  journal={Journal of optimization theory and applications},
  volume={122},
  number={2},
  pages={433--440},
  year={2004},
  publisher={Springer}
}

@article{polik-terlaky-2007,
  title={A survey of the S-lemma},
  author={P{\'o}lik, I. and Terlaky, T.},
  journal={SIAM review},
  volume={49},
  number={3},
  pages={371},
  year={2007},
  publisher={Citeseer}
}

@article{kanatani-et-al-2010,
  title={Optimization without Search: Constraint Satisfaction by Orthogonal Projection with Applications to Multiview Triangulation},
  author={Kanatani, K. and Niitsuma, H. and Sugaya, Y.},
  journal={Memoirs of the Faculty of Engineering},
  volume={44},
  pages={32--41},
  year={2010},
  publisher={Okayama University}
}

@book{shafarevich-1988,
  title={Basic Algebraic Geometry I: Varieties in Projective Space},
  author={Shafarevich, I.},
  year={1998},
  publisher={Springer-Verlag}
}

@book{nocedal-wright-1999,
  title={Numerical Optimization},
  author={Nocedal, J. and Wright, S.J.},
  year={1999},
  publisher={Springer Verlag}
}

@article{sedumi,
	Author = {Sturm, J.F.},
	Journal = {Opt. Meth. and Soft.},
	Pages = {625-653},
	Title = {Using {SeDuMi} 1.02, a {M}atlab toolbox for optimization over symmetric cones},
	Volume = {11-12},
	Year = {1999}}
	}
	
@inproceedings{yalmip,
  title={{YALMIP}: A toolbox for modeling and optimization in MATLAB},
  author={Lofberg, J.},
  booktitle={Int. Symp. on Computer Aided Control Systems Design},
  pages={284--289},
  year={2004}
}


@inproceedings{snavely-et-al-2006,
    author = {Noah Snavely and Steven M. Seitz and Richard Szeliski},
    title = {Photo tourism: Exploring photo collections in 3D},
    booktitle = {SIGGRAPH},
    year = {2006},
    pages = {835--846},
}

%----------------------------------------

@article{CHSW,
  title={Mustafin varieties},
  author={Cartwright, D. and H{\"a}bich, M. and Sturmfels, B. and Werner, A.},
  journal={Selecta Mathematica, New Series},
  pages={1--37},
  year={2010},
  publisher={Springer}
}

@article{CS,
  title={The {H}ilbert scheme of the diagonal in a product of projective spaces},
  author={Cartwright, D. and Sturmfels, B.},
  journal={International Mathematics Research Notices},
  volume={2010},
  number={9},
  pages={1741--1771},
  year={2010},
  publisher={Oxford University Press}
}

@article{Conca,
  title={Linear spaces, transversal polymatroids and ASL domains},
  author={Conca, A.},
  journal={Journal of Algebraic Combinatorics},
  volume={25},
  number={1},
  pages={25--41},
  year={2007},
  publisher={Springer}
}

@book{FL,
  title={The geometry of multiple images: the laws that govern the formation of multiple images of a scene and some of their applications},
  author={Faugeras, O. and Luong, Q.T.},
  year={2004},
  publisher={MIT press}
}

@article{Grosshans,
  title={On the equations relating a three-dimensional object and its two-dimensional images},
  author={Grosshans, F.D.},
  journal={Advances in Applied Mathematics},
  volume={34},
  number={2},
  pages={366--392},
  year={2005},
  publisher={Elsevier}
}

@article{HaimanSturmfels,
  title={Multigraded {H}ilbert schemes},
  author={Haiman, M. and Sturmfels, B.},
  journal={Journal of Algebraic Geometry},
  volume={13},
  number={4},
  pages={725--769},
  year={2004}
}

@misc{CaTS,
  title={CaTS, a software system for toric state polytopes},
  author={Jensen, A.},
  year={2003}
}

@misc{Gfan,
  title={Gfan, a software system for Gr{\"o}bner fans and tropical varieties},
  author={Jensen, A.N.},
  year={2009}
}

@article{TropicalBook,
  title={Introduction to tropical geometry},
  author={Maclagan, D. and Sturmfels, B.},
  journal={Book in preparation},
  year={2009}
}
     
@book{MS,
  title={Combinatorial commutative algebra},
  author={Miller, E. and Sturmfels, B.},
  volume={227},
  year={2004},
  publisher={Springer}
}

@book{Stanley,
  title={Combinatorics and commutative algebra},
  author={Stanley, R.P.},
  year={2004},
  publisher={Birkh{\"a}user Boston}
}

@misc{Sage,
  title={Sage: Open Source Mathematical Software},
  author={Stein, W. and others},
  year={2008},
  publisher={The Sage Group}
}

@book{GBCP,
  title={Gr{\"o}bner bases and convex polytopes},
  author={Sturmfels, B.},
  volume={8},
  year={1996},
  publisher={Amer Mathematical Society}
}

@article{SZ,
  title={Maximal minors and their leading terms},
  author={Sturmfels, B. and Zelevinsky, A.},
  journal={Advances in mathematics},
  volume={98},
  number={1},
  pages={65--112},
  year={1993},
  publisher={Academic Press}
}

 @misc{ wiki,
   author = "Wikipedia",
   title = "{H}ilbert series and {H}ilbert polynomial --- {W}ikipedia{,} The Free Encyclopedia",
   year = "2012",
   url = "http://en.wikipedia.org/w/index.php?title=Hilbert_series_and_Hilbert_polynomial&oldid=482287773",
   note = "[Online; accessed 21-April-2012]"
 }


@book {BrunsVetter,
    AUTHOR = {Bruns, W. and Vetter, U.},
     TITLE = {Determinantal rings},
    SERIES = {Lecture Notes in Mathematics},
    VOLUME = {1327},
 PUBLISHER = {Springer-Verlag},
   ADDRESS = {Berlin},
      YEAR = {1988},
     PAGES = {viii+236},
      ISBN = {3-540-19468-1},
   MRCLASS = {13-02 (13C05 13H10 14M12)},
  MRNUMBER = {953963 (89i:13001)},
MRREVIEWER = {Piotr Pragacz},
}

@book{Eisenbud,
      author = {Eisenbud, D.},
    publisher = {Springer},
    title = {{Commutative Algebra : with a View Toward Algebraic Geometry (Graduate Texts in Mathematics)}},
    year = {1999}
}


@book {AtiyahMacdonald,
    AUTHOR = {Atiyah, M. F. and Mac{D}onald, I. G.},
     TITLE = {Introduction to commutative algebra},
 PUBLISHER = {Addison-Wesley Publishing Co., Reading, Mass.-London-Don
              Mills, Ont.},
      YEAR = {1969},
     PAGES = {ix+128},
   MRCLASS = {13.00},
  MRNUMBER = {0242802 (39 \#4129)},
MRREVIEWER = {J. A. Johnson},
}


@book{SW05,
    AUTHOR = {Sommese, A.J. and Wampler, C.W.},
     TITLE = {Numerical solution of polynomial systems arising in engineering and science},
 PUBLISHER = {World Scientific},
   ADDRESS = {Singapore},
      YEAR = {2005},
     PAGES = {xxii+401},
      ISBN = {3-540-19468-1},
}

@incollection {Bates,
    AUTHOR = {Bates, D.J. and Hauenstein, J.D. and Sommese, A.J. and Wampler, C.W.},
     TITLE = {Software for numerical algebraic geometry: a paradigm and
              progress towards its implementation},
 BOOKTITLE = {Software for algebraic geometry},
    SERIES = {IMA Vol. Math. Appl.},
    VOLUME = {148},
     PAGES = {1--14},
 PUBLISHER = {Springer},
   ADDRESS = {New York},
      YEAR = {2008},
   MRCLASS = {65H10 (14Q99 65H20 65Y15)},
  MRNUMBER = {MR2435299 (2009g:65071)},
MRREVIEWER = {Barry H. Dayton},
       DOI = {10.1007/978-0-387-78133-4_1},
       URL = {http://dx.doi.org/10.1007/978-0-387-78133-4_1},
}


@Misc{Bertini,
          author = {Bates, D.J. and Hauenstein, J.D. and Sommese, A.J. and Wampler, C.W.},
          title = { Bertini: Software for Numerical Algebraic Geometry},
          howpublished = {Available at 
              \href{http://www.nd.edu/~sommese/bertini}%
                   {http://www.nd.edu/$\sim$sommese/bertini}},
          year = {2010}
}

@article{AST,
	author = {{Aholt}, C. and {Sturmfels}, B. and {Thomas}, R.},
	title = {A {H}ilbert Scheme in Computer Vision},
	journal = {Canadian Journal of Mathematics},
	year = {published electronically in 2012, doi:10.4153/CJM-2012-023-2}
}

@article{AO,
  title={The ideal of the trifocal variety},
  author={Aholt, C. and Oeding, L.},
  journal={arXiv preprint arXiv:1205.3776},
  year={2012}
}

@inproceedings{AAT,
  author    = {Aholt, C. and Agarwal, S. and Thomas, R.},
  title     = {{A} {QCQP} Approach to Triangulation},
  booktitle = {ECCV},
  year      = {2012},
 }

@article {Heyden,
    AUTHOR = {Heyden, A.},
     TITLE = {Tensorial properties of multiple view constraints},
   JOURNAL = {Math. Methods Appl. Sci.},
  FJOURNAL = {Mathematical Methods in the Applied Sciences},
    VOLUME = {23},
      YEAR = {2000},
    NUMBER = {2},
     PAGES = {169--202},
      ISSN = {0170-4214},
     CODEN = {MMSCDB},
   MRCLASS = {15A72 (15A75 68T45)},
  MRNUMBER = {1738350 (2000k:15054)},
       DOI =
              {10.1002/(SICI)1099-1476(20000125)23:2<169::AID-MMA110>3.0.CO;2-Y},
       URL =
              {http://dx.doi.org/10.1002/(SICI)1099-1476(20000125)23:2<169::AID-MMA110>3.0.CO;2-Y},
}

@article {PF2,
    AUTHOR = {Faugeras, O. and Papadopoulo, T.},
     TITLE = {Grassmann-{C}ayley algebra for modelling systems of cameras
              and the algebraic equations of the manifold of trifocal
              tensors},
      NOTE = {With discussion,
              New geometric techniques in computer vision (London, 1997)},
   JOURNAL = {R. Soc. Lond. Philos. Trans. Ser. A Math. Phys. Eng. Sci.},
  FJOURNAL = {The Royal Society of London. Philosophical Transactions.
              Series A. Mathematical, Physical and Engineering Sciences},
    VOLUME = {356},
      YEAR = {1998},
    NUMBER = {1740},
     PAGES = {1123--1152},
      ISSN = {1364-503X},
   MRCLASS = {15A75 (14M15)},
  MRNUMBER = {1627059 (99c:15049)},
MRREVIEWER = {H. K. Farahat},
       DOI = {10.1098/rsta.1998.0214},
       URL = {http://dx.doi.org/10.1098/rsta.1998.0214},
}



@InProceedings{PF,
  author		      = {Papadopoulo, T. and Faugeras, O.},
  title			      = {A new characterization of the trifocal tensor},
  year			      = {1998},
  url			      = {ftp://ftp-sop.inria.fr/odyssee/Publications/1998/papadopoulo-faugeras:98.ps.gz},
 MONTH = JUN,
  VOLUME = {1406--1407},
  EDITOR = {Hans Burkhardt and Bernd Neumann},
  PUBLISHER = {Springer--Verlag},
  SERIES = {Lecture Notes in Computer Science},
  ADDRESS = {Freiburg, Germany},
  BOOKTITLE = {Proceedings of the } # 5 # {th European Conference on Computer Vision},
}

@phdthesis{Ressl,
 author = {C.~Ressl},
 title = { Geometry, Constraints, and Computation of the Trifocal Tensor},
 school = {Universit\"at Bonn},
year ={ 2003}
}


@article {Alzati-Tortora,
    AUTHOR = {Alzati, A. and Tortora, A.},
     TITLE = {A geometric approach to the trifocal tensor},
   JOURNAL = {J. Math. Imaging Vision},
  FJOURNAL = {Journal of Mathematical Imaging and Vision},
    VOLUME = {38},
      YEAR = {2010},
    NUMBER = {3},
     PAGES = {159--170},
      ISSN = {0924-9907},
     CODEN = {JMIVEK},
   MRCLASS = {15A72 (94A08)},
  MRNUMBER = {2726517 (2011m:15049)},
       DOI = {10.1007/s10851-010-0216-4},
       URL = {http://dx.doi.org/10.1007/s10851-010-0216-4},
}

@article{Arnold71,
  author={V I Arnold},
  title={ON MATRICES DEPENDING ON PARAMETERS},
  journal={Russian Mathematical Surveys},
  volume={26},
  number={2},
  pages={29},
  url={http://stacks.iop.org/0036-0279/26/i=2/a=R03},
  year={1971},
  abstract={Given a family of matrices smoothly depending on parameters of endomorphisms of a complex linear space, it is shown that there is a normal form to which the family can be reduced by the choice of a base smoothly depending on the parameters. The formulae obtained are applied to the investigation of bifurcation diagrams of families of matrices.}
}

@article {Nurmiev2,
    AUTHOR = {Nurmiev, A. G.},
     TITLE = {Closures of nilpotent orbits of cubic matrices of order three},
   JOURNAL = {Uspekhi Mat. Nauk},
  FJOURNAL = {Rossi\u\i skaya Akademiya Nauk. Moskovskoe Matematicheskoe
              Obshchestvo. Uspekhi Matematicheskikh Nauk},
    VOLUME = {55},
      YEAR = {2000},
    NUMBER = {2(332)},
     PAGES = {143--144},
      ISSN = {0042-1316},
   MRCLASS = {14L30},
  MRNUMBER = {1781073},
       DOI = {10.1070/rm2000v055n02ABEH000279},
       URL = {http://dx.doi.org/10.1070/rm2000v055n02ABEH000279},
}
		
@article {Nurmiev,
    AUTHOR = {Nurmiev, A. G.},
     TITLE = {Orbits and invariants of third-order matrices},
   JOURNAL = {Mat. Sb.},
  FJOURNAL = {Rossi\u\i skaya Akademiya Nauk. Matematicheski\u\i\ Sbornik},
    VOLUME = {191},
      YEAR = {2000},
    NUMBER = {5},
     PAGES = {101--108},
      ISSN = {0368-8666},
   MRCLASS = {20G05},
  MRNUMBER = {1773770 (2001c:20101)},
       DOI = {10.1070/SM2000v191n05ABEH000478},
       URL = {http://dx.doi.org/10.1070/SM2000v191n05ABEH000478},
}

@article {Vinberg-Elasvili,
    AUTHOR = {Vinberg, {\`E}. B. and {\`E}la{\v{s}}vili, A. G.},
     TITLE = {A classification of the three-vectors of nine-dimensional
              space},
   JOURNAL = {Trudy Sem. Vektor. Tenzor. Anal.},
  FJOURNAL = {Trudy Seminara po Vektornomu i Tenzornomu Analizu s ikh
              Prilozheniyami k Geometrii, Mekhanike i Fizike},
    VOLUME = {18},
      YEAR = {1978},
     PAGES = {197--233},
      ISSN = {0204-3165},
   MRCLASS = {15A72 (14D25 17B20 20G20)},
  MRNUMBER = {504529 (80b:15039)},
MRREVIEWER = {H. de Vries},
}

@article {Ng,
    AUTHOR = {Ng, K. O.},
     TITLE = {The classification of {$(3,3,3)$} trilinear forms},
   JOURNAL = {J. Reine Angew. Math.},
  FJOURNAL = {Journal f\"ur die Reine und Angewandte Mathematik},
    VOLUME = {468},
      YEAR = {1995},
     PAGES = {49--75},
      ISSN = {0075-4102},
     CODEN = {JRMAA8},
   MRCLASS = {14M12 (14H45)},
  MRNUMBER = {1361786 (97a:14051)},
MRREVIEWER = {Aigli Papantonopoulou},
       DOI = {10.1515/crll.1995.468.49},
       URL = {http://dx.doi.org/10.1515/crll.1995.468.49},
}

@article {Thrall-Chanler,
    AUTHOR = {Thrall, R. M. and Chanler, J. H.},
     TITLE = {Ternary trilinear forms in the field of complex numbers},
   JOURNAL = {Duke Math. J.},
  FJOURNAL = {Duke Mathematical Journal},
    VOLUME = {4},
      YEAR = {1938},
    NUMBER = {4},
     PAGES = {678--690},
      ISSN = {0012-7094},
     CODEN = {DUMJAO},
   MRCLASS = {Contributed Item},
  MRNUMBER = {1546088},
       DOI = {10.1215/S0012-7094-38-00459-4},
       URL = {http://dx.doi.org/10.1215/S0012-7094-38-00459-4},
}

@article {Landsberg-Manivel04,
    AUTHOR = {Landsberg, J. M. and Manivel, L.},
     TITLE = {On the ideals of secant varieties of {S}egre varieties},
   JOURNAL = {Found. Comput. Math.},
  FJOURNAL = {Foundations of Computational Mathematics. The Journal of the
              Society for the Foundations of Computational Mathematics},
    VOLUME = {4},
      YEAR = {2004},
    NUMBER = {4},
     PAGES = {397--422},
      ISSN = {1615-3375},
   MRCLASS = {14N05 (03D15 68Q15)},
  MRNUMBER = {2097214 (2005m:14101)},
MRREVIEWER = {Fyodor L. Zak},
}

@article {Landsberg-Weyman-Bull07,
    AUTHOR = {Landsberg, J. M. and Weyman, J.},
     TITLE = {On the ideals and singularities of secant varieties of {S}egre
              varieties},
   JOURNAL = {Bull. Lond. Math. Soc.},
  FJOURNAL = {Bulletin of the London Mathematical Society},
    VOLUME = {39},
      YEAR = {2007},
    NUMBER = {4},
     PAGES = {685--697},
      ISSN = {0024-6093},
   MRCLASS = {14N05 (13D02 13H10)},
  MRNUMBER = {2346950 (2008h:14055)},
MRREVIEWER = {Fyodor L. Zak},
}


@book {LandsbergTensorBook,
    AUTHOR = {Landsberg, J. M.},
     TITLE = {Tensors: geometry and applications},
    SERIES = {Graduate Studies in Mathematics},
    VOLUME = {128},
 PUBLISHER = {American Mathematical Society},
   ADDRESS = {Providence, RI},
      YEAR = {2012},
     PAGES = {xx+439},
      ISBN = {978-0-8218-6907-9},
   MRCLASS = {15-01 (14N05 15A69 20G05)},
  MRNUMBER = {2865915},
}

@book{FultonHarris,
  title={Representation theory: a first course},
  author={Fulton, W. and Harris, J.},
  volume={129},
  year={1991},
  publisher={Springer}
}

@misc{M2,
  title={Macaulay 2, a software system for research in algebraic geometry},
  author={Grayson, D.R. and Stillman, M.E.},
  year={2002}
}